<?xml version="1.0" encoding="UTF-8"?><collection xmlns="http://www.loc.gov/MARC21/slim"><record><leader>00571nam--2200193-i-4500</leader><controlfield tag="001">000014879</controlfield><controlfield tag="002">20161230</controlfield><controlfield tag="005">20161230201031</controlfield><controlfield tag="008">060222s1000------------r-----000-0-fre-d</controlfield><datafield ind1=" " ind2=" " tag="040"><subfield code="a">IFIN-HH</subfield></datafield><datafield ind1=" " ind2=" " tag="041"><subfield code="a">fre</subfield></datafield><datafield ind1=" " ind2=" " tag="080"><subfield code="a">539.12.01:51.73(075.8)</subfield></datafield><datafield ind1="1" ind2=" " tag="100"><subfield code="a">Bacry, H</subfield></datafield><datafield ind1="1" ind2="0" tag="245"><subfield code="a">Lecons sur la theorie des groupes et les symmetries des particules elementaires</subfield><subfield code="c">H. bacryb</subfield></datafield><datafield ind1=" " ind2=" " tag="260"><subfield code="a">Paris</subfield><subfield code="b">Gordon &amp; Breach</subfield><subfield code="c">1967</subfield></datafield><datafield ind1=" " ind2=" " tag="300"><subfield code="a">XVI + 449 P</subfield></datafield><datafield ind1=" " ind2=" " tag="490"><subfield code="a">Cours Et Documents De Mathematique Et De Physique</subfield></datafield><datafield ind1=" " ind2=" " tag="852"><subfield code="a">30056</subfield><subfield code="c">539.12</subfield></datafield><datafield ind1=" " ind2=" " tag="CAT"><subfield code="a">Sys</subfield><subfield code="c">20111117</subfield><subfield code="h">120626</subfield></datafield></record></collection>